<?xml version="1.0" encoding="UTF-8"?><collection xmlns="http://www.loc.gov/MARC21/slim"><record><leader>00348nam--2200133-i-4500</leader><controlfield tag="001">000049233</controlfield><controlfield tag="002">20161230</controlfield><controlfield tag="005">20161230201047</controlfield><controlfield tag="008">060222s1000------------r-----000-0-eng-d</controlfield><datafield ind1=" " ind2=" " tag="080"><subfield code="a">530.1</subfield></datafield><datafield ind1=" " ind2=" " tag="100"><subfield code="a">Aleksandrov,A.P</subfield></datafield><datafield ind1=" " ind2=" " tag="245"><subfield code="a">Voprosy sovremennoi eksperimentalnoi i teoreticheskoi fiziki</subfield></datafield><datafield ind1=" " ind2=" " tag="260"><subfield code="a">Leningrad, Nauka, 1984. 364 S</subfield></datafield><datafield ind1=" " ind2=" " tag="852"><subfield code="a">72405</subfield></datafield></record></collection>